{
  "leader": "02903cam a2200505 a 4500",
  "fields": [
    {
      "001": "ocm71241890\\"
    },
    {
      "003": "OCoLC"
    },
    {
      "005": "20220627090629.0"
    },
    {
      "008": "060822s2007\\\\\\\\nyua\\\\\\\\\\b\\\\\\\\001\\0\\eng\\\\"
    },
    {
      "010": {
        "ind1": "\\",
        "ind2": "\\",
        "subfields": [
          {
            "a": "  2006027799"
          }
        ]
      }
    },
    {
      "040": {
        "ind1": "\\",
        "ind2": "\\",
        "subfields": [
          {
            "a": "DLC"
          },
          {
            "b": "eng"
          },
          {
            "c": "DLC"
          },
          {
            "d": "GZM"
          },
          {
            "d": "C#P"
          },
          {
            "d": "BAKER"
          },
          {
            "d": "IXA"
          },
          {
            "d": "YDXCP"
          },
          {
            "d": "BTCTA"
          },
          {
            "d": "NLGGC"
          },
          {
            "d": "IG#"
          },
          {
            "d": "OCLCG"
          },
          {
            "d": "NPL"
          },
          {
            "d": "HEBIS"
          },
          {
            "d": "CDX"
          },
          {
            "d": "OCLCQ"
          },
          {
            "d": "BDX"
          },
          {
            "d": "OCLCF"
          },
          {
            "d": "P4I"
          },
          {
            "d": "CHVBK"
          },
          {
            "d": "OCLCQ"
          },
          {
            "d": "IOG"
          },
          {
            "d": "DHA"
          },
          {
            "d": "OCLCQ"
          },
          {
            "d": "XFF"
          },
          {
            "d": "OCLCQ"
          },
          {
            "d": "TYC"
          },
          {
            "d": "IOK"
          },
          {
            "d": "OCLCQ"
          },
          {
            "d": "SAA"
          },
          {
            "d": "OCLCQ"
          },
          {
            "d": "OCLCO"
          }
        ]
      }
    },
    {
      "019": {
        "ind1": "\\",
        "ind2": "\\",
        "subfields": [
          {
            "a": "123464976"
          },
          {
            "a": "1022700401"
          },
          {
            "a": "1201930934"
          }
        ]
      }
    },
    {
      "020": {
        "ind1": "\\",
        "ind2": "\\",
        "subfields": [
          {
            "a": "9780871543257"
          }
        ]
      }
    },
    {
      "020": {
        "ind1": "\\",
        "ind2": "\\",
        "subfields": [
          {
            "a": "0871543257"
          }
        ]
      }
    },
    {
      "035": {
        "ind1": "\\",
        "ind2": "\\",
        "subfields": [
          {
            "a": "(OCoLC)71241890"
          },
          {
            "z": "(OCoLC)123464976"
          },
          {
            "z": "(OCoLC)1022700401"
          },
          {
            "z": "(OCoLC)1201930934"
          }
        ]
      }
    },
    {
      "043": {
        "ind1": "\\",
        "ind2": "\\",
        "subfields": [
          {
            "a": "n-us-wi"
          }
        ]
      }
    },
    {
      "050": {
        "ind1": "0",
        "ind2": "0",
        "subfields": [
          {
            "a": "HD8072.5"
          },
          {
            "b": ".D85 2007"
          }
        ]
      }
    },
    {
      "082": {
        "ind1": "0",
        "ind2": "0",
        "subfields": [
          {
            "a": "362.5840977595"
          },
          {
            "b": "DUN"
          }
        ]
      }
    },
    {
      "100": {
        "ind1": "1",
        "ind2": "\\",
        "subfields": [
          {
            "a": "Duncan, Greg J."
          }
        ]
      }
    },
    {
      "245": {
        "ind1": "1",
        "ind2": "0",
        "subfields": [
          {
            "a": "Higher ground :"
          },
          {
            "b": "New Hope for the working poor and their children /"
          },
          {
            "c": "Greg J. Duncan, Aletha C. Huston, and Thomas S. Weisner."
          }
        ]
      }
    },
    {
      "260": {
        "ind1": "\\",
        "ind2": "\\",
        "subfields": [
          {
            "a": "New York :"
          },
          {
            "b": "Russell Sage Foundation,"
          },
          {
            "c": "\u00a92007."
          }
        ]
      }
    },
    {
      "300": {
        "ind1": "\\",
        "ind2": "\\",
        "subfields": [
          {
            "a": "xi, 166 pages :"
          },
          {
            "b": "illustrations ;"
          },
          {
            "c": "24 cm"
          }
        ]
      }
    },
    {
      "336": {
        "ind1": "\\",
        "ind2": "\\",
        "subfields": [
          {
            "a": "text"
          },
          {
            "b": "txt"
          },
          {
            "2": "rdacontent"
          }
        ]
      }
    },
    {
      "337": {
        "ind1": "\\",
        "ind2": "\\",
        "subfields": [
          {
            "a": "unmediated"
          },
          {
            "b": "n"
          },
          {
            "2": "rdamedia"
          }
        ]
      }
    },
    {
      "338": {
        "ind1": "\\",
        "ind2": "\\",
        "subfields": [
          {
            "a": "volume"
          },
          {
            "b": "nc"
          },
          {
            "2": "rdacarrier"
          }
        ]
      }
    },
    {
      "504": {
        "ind1": "\\",
        "ind2": "\\",
        "subfields": [
          {
            "a": "Includes bibliographical references (pages 149-157) and index."
          }
        ]
      }
    },
    {
      "505": {
        "ind1": "0",
        "ind2": "\\",
        "subfields": [
          {
            "a": "Introduction-- Creating New Hope -- Participants -- The evaluation -- Work and poverty -- Children -- Families -- New Hope's lessons -- New Hope and national policy."
          }
        ]
      }
    },
    {
      "520": {
        "ind1": "1",
        "ind2": "\\",
        "subfields": [
          {
            "a": "\"As America takes stock of the successes and shortcomings of the Clinton era welfare reforms, the authors convincingly demonstrate why New Hope could be a model for state and national policies to assist the working poor. Evidence based and insightfully written, Higher Ground illuminates how policymakers can make work pay for families struggling to escape poverty.\"--BOOK JACKET."
          }
        ]
      }
    },
    {
      "610": {
        "ind1": "2",
        "ind2": "0",
        "subfields": [
          {
            "a": "New Hope Project (Milwaukee, Wis.)"
          }
        ]
      }
    },
    {
      "650": {
        "ind1": "\\",
        "ind2": "0",
        "subfields": [
          {
            "a": "Working poor"
          },
          {
            "z": "Wisconsin"
          },
          {
            "z": "Milwaukee."
          }
        ]
      }
    },
    {
      "650": {
        "ind1": "\\",
        "ind2": "0",
        "subfields": [
          {
            "a": "Poor"
          },
          {
            "x": "Employment"
          },
          {
            "z": "Wisconsin"
          },
          {
            "z": "Milwaukee."
          }
        ]
      }
    },
    {
      "610": {
        "ind1": "2",
        "ind2": "7",
        "subfields": [
          {
            "a": "New Hope Project (Milwaukee, Wis.)"
          },
          {
            "2": "fast"
          },
          {
            "0": "(OCoLC)fst00741053"
          }
        ]
      }
    },
    {
      "650": {
        "ind1": "\\",
        "ind2": "7",
        "subfields": [
          {
            "a": "Poor"
          },
          {
            "x": "Employment."
          },
          {
            "2": "fast"
          },
          {
            "0": "(OCoLC)fst01071060"
          }
        ]
      }
    },
    {
      "650": {
        "ind1": "\\",
        "ind2": "7",
        "subfields": [
          {
            "a": "Working poor."
          },
          {
            "2": "fast"
          },
          {
            "0": "(OCoLC)fst01180666"
          }
        ]
      }
    },
    {
      "651": {
        "ind1": "\\",
        "ind2": "7",
        "subfields": [
          {
            "a": "Wisconsin"
          },
          {
            "z": "Milwaukee."
          },
          {
            "2": "fast"
          },
          {
            "0": "(OCoLC)fst01206626"
          }
        ]
      }
    },
    {
      "700": {
        "ind1": "1",
        "ind2": "\\",
        "subfields": [
          {
            "a": "Huston, Aletha C."
          }
        ]
      }
    },
    {
      "700": {
        "ind1": "1",
        "ind2": "\\",
        "subfields": [
          {
            "a": "Weisner, Thomas S.,"
          },
          {
            "d": "1943-"
          }
        ]
      }
    },
    {
      "776": {
        "ind1": "0",
        "ind2": "8",
        "subfields": [
          {
            "i": "Online version:"
          },
          {
            "a": "Duncan, Greg J."
          },
          {
            "t": "Higher ground."
          },
          {
            "d": "New York : Russell Sage Foundation, \u00a92007"
          },
          {
            "w": "(OCoLC)654767478"
          }
        ]
      }
    },
    {
      "856": {
        "ind1": "4",
        "ind2": "1",
        "subfields": [
          {
            "3": "Table of contents"
          },
          {
            "u": "http://catdir.loc.gov/catdir/toc/ecip0620/2006027799.html"
          }
        ]
      }
    },
    {
      "856": {
        "ind1": "4",
        "ind2": "2",
        "subfields": [
          {
            "3": "Contributor biographical information"
          },
          {
            "u": "http://catdir.loc.gov/catdir/enhancements/fy1602/2006027799-b.html"
          }
        ]
      }
    },
    {
      "856": {
        "ind1": "4",
        "ind2": "2",
        "subfields": [
          {
            "3": "Publisher description"
          },
          {
            "u": "http://catdir.loc.gov/catdir/enhancements/fy1602/2006027799-d.html"
          }
        ]
      }
    },
    {
      "856": {
        "ind1": "4",
        "ind2": "2",
        "subfields": [
          {
            "z": "Additional Information at Google Books"
          },
          {
            "u": "http://books.google.com/books?isbn=9780871543257"
          }
        ]
      }
    },
    {
      "994": {
        "ind1": "\\",
        "ind2": "\\",
        "subfields": [
          {
            "a": "Z0"
          },
          {
            "b": "NYRVC"
          }
        ]
      }
    },
    {
      "948": {
        "ind1": "\\",
        "ind2": "\\",
        "subfields": [
          {
            "h": "NO HOLDINGS IN NYRVC - 412 OTHER HOLDINGS"
          }
        ]
      }
    },
    {
      "999": {
        "ind1": "\\",
        "ind2": "\\",
        "subfields": [
          {
            "a": "00000000025254"
          }
        ]
      }
    }
  ]
}